<record><leader>00000cas a22000007a 4500</leader><controlfield tag="001">13365283</controlfield><controlfield tag="008">860331d18uu1860pauwr ne      0    0ger d</controlfield><datafield ind1=" " ind2=" " tag="010"><subfield code="a">sn 86081233 </subfield></datafield><datafield ind1=" " ind2=" " tag="040"><subfield code="a">NPH</subfield><subfield code="b">eng</subfield><subfield code="c">NPH</subfield><subfield code="d">NPX</subfield><subfield code="d">OCLCQ</subfield></datafield><datafield ind1=" " ind2=" " tag="042"><subfield code="a">msc</subfield></datafield><datafield ind1="0" ind2=" " tag="130"><subfield code="a">Freiheits-Freund, und Pittsburger Beobachter (Pittsburgh, Pa. : Weekly)</subfield></datafield><datafield ind1="1" ind2="4" tag="245"><subfield code="a">Der Freiheits-Freund, und Pittsburger Beobachter.</subfield></datafield><datafield ind1="3" ind2="0" tag="246"><subfield code="a">Freiheitsfreund</subfield></datafield><datafield ind1="1" ind2="3" tag="246"><subfield code="a">Freedom's friend, and Pittsburgh observer</subfield></datafield><datafield ind1=" " ind2=" " tag="260"><subfield code="a">Pittsburg, Pa. :</subfield><subfield code="b">Victor Scriba,</subfield><subfield code="c">-1860.</subfield></datafield><datafield ind1=" " ind2=" " tag="300"><subfield code="a">v.</subfield></datafield><datafield ind1=" " ind2=" " tag="310"><subfield code="a">Weekly</subfield></datafield><datafield ind1="0" ind2=" " tag="362"><subfield code="a">-Jahrg. 27, Nr. 14 (28. Sept. 1860).</subfield></datafield><datafield ind1=" " ind2=" " tag="500"><subfield code="a">Publishers: L. &amp; W. Neeb, July 19, 1850-1860.</subfield></datafield><datafield ind1=" " ind2=" " tag="515"><subfield code="a">Issues for &lt;Juli 5, 1850-&gt; called &lt;Jahrg. 3, Nr. 27 (neue Ser.)-&gt; and &lt;Jahrg. 17, Nr. 1 (alte ser.)-&gt;.</subfield></datafield><datafield ind1=" " ind2=" " tag="580"><subfield code="a">Published also in a triweekly, &lt;1844-1848&gt;, and daily, &lt;Juli&gt;-Sept. 1850, edition called: Freiheits-Freund und Pittsburger Beobachter (Pittsburgh, Pa. : Daily), and in a daily edition, Sept. 1850-&lt;1860&gt;, called: Ta&#776;gliche Freiheits-Freund, or: Freiheits Freund (Pittsburgh, Pa. : 1853 : Daily).</subfield></datafield><datafield ind1=" " ind2=" " tag="588"><subfield code="a">Description based on: Jahrg. 12, Nr. 1 (11. Juli 1845).</subfield></datafield><datafield ind1=" " ind2=" " tag="752"><subfield code="a">United States</subfield><subfield code="b">Pennsylvania</subfield><subfield code="c">Allegheny</subfield><subfield code="d">Pittsburgh.</subfield></datafield><datafield ind1="1" ind2=" " tag="775"><subfield code="t">Freiheits-Freund, und Pittsburger Beobachter (Pittsburgh, Pa. : Daily)</subfield><subfield code="w">(DLC)sn 86081232</subfield></datafield><datafield ind1="1" ind2=" " tag="775"><subfield code="t">Ta&#776;gliche Freiheitsfreund</subfield><subfield code="w">(DLC)sn 86081234</subfield></datafield><datafield ind1="1" ind2=" " tag="775"><subfield code="t">Freiheits Freund (Pittsburgh, Pa. : 1853 : Daily)</subfield><subfield code="w">(DLC)sn 86081235</subfield></datafield><datafield ind1="0" ind2="7" tag="785"><subfield code="t">Pittsburger Courier (Pittsburgh, Pa. : Weekly)</subfield><subfield code="w">(DLC)sn 85055075</subfield></datafield><datafield ind1="0" ind2="7" tag="785"><subfield code="t">Freiheits Freund und Pittsburger Courier (Pittsburgh, Pa. : 1860 : Weekly)</subfield><subfield code="w">(DLC)sn 85055006</subfield></datafield><datafield ind1="1" ind2=" " tag="029"><subfield code="a">AU@</subfield><subfield code="b">000023563997</subfield></datafield></record>